<?xml version="1.0" encoding="UTF-8"?><collection xmlns="http://www.loc.gov/MARC21/slim"><record><leader>00356nam--2200133-i-4500</leader><controlfield tag="001">000049726</controlfield><controlfield tag="002">20161230</controlfield><controlfield tag="005">20161230201047</controlfield><controlfield tag="008">060222s1000------------r-----000-0-eng-d</controlfield><datafield ind1=" " ind2=" " tag="080"><subfield code="a">621.039.53</subfield></datafield><datafield ind1=" " ind2=" " tag="100"><subfield code="a">Atanasianc, A.G</subfield></datafield><datafield ind1=" " ind2=" " tag="245"><subfield code="a">Elektrohimicheskoe izgotovlenie detalei atomnyh reaktorov</subfield></datafield><datafield ind1=" " ind2=" " tag="260"><subfield code="a">Moskva, Energoatomizdat, 1987, 176s</subfield></datafield><datafield ind1=" " ind2=" " tag="852"><subfield code="a">74267</subfield></datafield></record></collection>